<record><leader>00000cas a22000007a 4500</leader><controlfield tag="001">12935844</controlfield><controlfield tag="008">851219d18851893iauwr ne      0    0eng d</controlfield><datafield ind1=" " ind2=" " tag="010"><subfield code="a">sn 85050969 </subfield></datafield><datafield ind1=" " ind2=" " tag="040"><subfield code="a">INP</subfield><subfield code="b">eng</subfield><subfield code="c">INP</subfield><subfield code="d">OCLCQ</subfield></datafield><datafield ind1=" " ind2=" " tag="042"><subfield code="a">msc</subfield></datafield><datafield ind1="0" ind2=" " tag="130"><subfield code="a">Fontanelle observer (Fontanelle, Iowa : 1885)</subfield></datafield><datafield ind1="1" ind2="0" tag="245"><subfield code="a">Fontanelle observer.</subfield></datafield><datafield ind1="3" ind2="0" tag="246"><subfield code="a">Observer</subfield></datafield><datafield ind1="1" ind2="3" tag="246"><subfield code="a">Weekly observer</subfield><subfield code="f">Mar. 12, 1890-Aug. 25, 1893</subfield></datafield><datafield ind1=" " ind2=" " tag="260"><subfield code="a">Fontanelle, Iowa :</subfield><subfield code="b">M.A. Rany,</subfield><subfield code="c">1885-1893.</subfield></datafield><datafield ind1=" " ind2=" " tag="300"><subfield code="a">9 v. :</subfield><subfield code="b">ill. ;</subfield><subfield code="c">49-59 cm.</subfield></datafield><datafield ind1=" " ind2=" " tag="310"><subfield code="a">Weekly</subfield></datafield><datafield ind1="0" ind2=" " tag="362"><subfield code="a">Vol. 7, no. 12 (Apr. 23, 1885)-v. 15, no. 30 (Aug. 23, 1893).</subfield></datafield><datafield ind1=" " ind2=" " tag="500"><subfield code="a">Publishers: M.A. Rany, Apr. 23, 1885-June 3, 1886; Clyde McManigal, June 10, 1886- ; M.A. Rany, &lt;Jan. 30, 1889&gt;-July 5, 1893; W.R. Prewitt, July 12-Aug. 25, 1893.</subfield></datafield><datafield ind1=" " ind2=" " tag="500"><subfield code="a">"Look to your own interests first, then to others," June 10, 1886.</subfield></datafield><datafield ind1=" " ind2=" " tag="500"><subfield code="a">Editors: C.M. McManigal, Apr. 23-Aug. 6, 1885; M.A. Rany, Aug. 13, 1885-July 5, 1893.</subfield></datafield><datafield ind1=" " ind2=" " tag="515"><subfield code="a">Vol. 15, no. 30 (Aug. 23, 1893) issue misdated Aug. 25, 1893.</subfield></datafield><datafield ind1=" " ind2=" " tag="752"><subfield code="a">United States</subfield><subfield code="b">Iowa</subfield><subfield code="c">Adair</subfield><subfield code="d">Fontanelle.</subfield></datafield><datafield ind1="0" ind2="0" tag="780"><subfield code="t">Fontanelle weekly observer</subfield><subfield code="w">(DLC)sn 85050968</subfield></datafield><datafield ind1="0" ind2="0" tag="785"><subfield code="t">Observer (Fontanelle, Iowa)</subfield><subfield code="w">(DLC)sn 85050970</subfield></datafield><datafield ind1="1" ind2=" " tag="029"><subfield code="a">AU@</subfield><subfield code="b">000025790648</subfield></datafield></record>